%% This BibTeX bibliography file was created using BibDesk.
%% http://bibdesk.sourceforge.net/


%% Created for Patrick Wiener at 2015-11-21 20:25:08 +0100 


%% Saved with string encoding Unicode (UTF-8) 



@inproceedings{Rodenberg2013,
	Author = {Eric J. Rodenberg},
	Booktitle = {Ohio GIS Conference 2013},
	Date-Added = {2014-12-05 15:58:44 +0000},
	Date-Modified = {2014-12-05 16:00:16 +0000},
	Keywords = {GIS},
	Month = {September},
	Title = {Exploiting Real-Time Data with ArcGIS GeoEvent Processor for Server},
	Year = {2013},
	Bdsk-File-1 = {YnBsaXN0MDDUAQIDBAUGJCVYJHZlcnNpb25YJG9iamVjdHNZJGFyY2hpdmVyVCR0b3ASAAGGoKgHCBMUFRYaIVUkbnVsbNMJCgsMDxJXTlMua2V5c1pOUy5vYmplY3RzViRjbGFzc6INDoACgAOiEBGABIAFgAdccmVsYXRpdmVQYXRoWWFsaWFzRGF0YV8QWS4uLy4uLy4uL0Ryb3Bib3gvQWJzY2hsdXNzYXJiZWl0LzAyX01hc3Rlci8wMF9MaXRlcmF0dXJxdWVsbGVuLzEwX0dJUy8yMDEzVGh1XzExMDBfVDIucGRm0hcLGBlXTlMuZGF0YU8RAhYAAAAAAhYAAgAADE1hY2ludG9zaCBIRAAAAAAAAAAAAAAAAAAAANFTPexIKwAAAAyLyBMyMDEzVGh1XzExMDBfVDIucGRmAAAAAAAAAAAAAAAAAAAAAAAAAAAAAAAAAAAAAAAAAAAAAAAAAAAAAAAAAAAADLh50KeVJwAAAAAAAAAAAAMABgAACSAAAAAAAAAAAAAAAAAAAAAGMTBfR0lTABAACAAA0VMhzAAAABEACAAA0KeHFwAAAAEAHAAMi8gADIuHAAyLaAAMi2IADIpbAAmERQACmDcAAgB4TWFjaW50b3NoIEhEOlVzZXJzOgBwYXRyaWNrd2llbmVyOgBEcm9wYm94OgBBYnNjaGx1c3NhcmJlaXQ6ADAyX01hc3RlcjoAMDBfTGl0ZXJhdHVycXVlbGxlbjoAMTBfR0lTOgAyMDEzVGh1XzExMDBfVDIucGRmAA4AKAATADIAMAAxADMAVABoAHUAXwAxADEAMAAwAF8AVAAyAC4AcABkAGYADwAaAAwATQBhAGMAaQBuAHQAbwBzAGgAIABIAEQAEgBkVXNlcnMvcGF0cmlja3dpZW5lci9Ecm9wYm94L0Fic2NobHVzc2FyYmVpdC8wMl9NYXN0ZXIvMDBfTGl0ZXJhdHVycXVlbGxlbi8xMF9HSVMvMjAxM1RodV8xMTAwX1QyLnBkZgATAAEvAAAVAAIAFP//AACABtIbHB0eWiRjbGFzc25hbWVYJGNsYXNzZXNdTlNNdXRhYmxlRGF0YaMdHyBWTlNEYXRhWE5TT2JqZWN00hscIiNcTlNEaWN0aW9uYXJ5oiIgXxAPTlNLZXllZEFyY2hpdmVy0SYnVHJvb3SAAQAIABEAGgAjAC0AMgA3AEAARgBNAFUAYABnAGoAbABuAHEAcwB1AHcAhACOAOoA7wD3AxEDEwMYAyMDLAM6Az4DRQNOA1MDYANjA3UDeAN9AAAAAAAAAgEAAAAAAAAAKAAAAAAAAAAAAAAAAAAAA38=}}

@misc{Caserta2014,
	Author = {Joe Caserta},
	Date-Added = {2014-12-02 17:04:57 +0000},
	Date-Modified = {2014-12-04 15:59:42 +0000},
	Howpublished = {Pr{\"a}sentation (slideshare)},
	Keywords = {Big Data},
	Month = {Juni},
	Note = {\url{http://de.slideshare.net/CasertaConcepts/lowlatency-analytics-with-nosql-introduction-to-storm-and-cassandra}, Aufruf vom 2. Dezember 2014},
	Title = {Low-Latency Analytics with NoSQL -- Introduction to Storm and Cassandra},
	Year = {2014},
	Bdsk-File-1 = {YnBsaXN0MDDUAQIDBAUGJCVYJHZlcnNpb25YJG9iamVjdHNZJGFyY2hpdmVyVCR0b3ASAAGGoKgHCBMUFRYaIVUkbnVsbNMJCgsMDxJXTlMua2V5c1pOUy5vYmplY3RzViRjbGFzc6INDoACgAOiEBGABIAFgAdccmVsYXRpdmVQYXRoWWFsaWFzRGF0YW8QlAAuAC4ALwAuAC4ALwAuAC4ALwBEAHIAbwBwAGIAbwB4AC8AQQBiAHMAYwBoAGwAdQBzAHMAYQByAGIAZQBpAHQALwAwADIAXwBNAGEAcwB0AGUAcgAvADAAMABfAEwAaQB0AGUAcgBhAHQAdQByAHEAdQBlAGwAbABlAG4ALwAwADEAXwBCAGkAZwBEAGEAdABhAC8ATABvAHcALQBMAGEAdABlAG4AYwB5ACAAQQBuAGEAbAB5AHQAaQBjAHMAIAB3AGkAdABoACAATgBvAFMAUQBMACAgEwAgAEkAbgB0AHIAbwBkAHUAYwB0AGkAbwBuACAAdABvACAAUwB0AG8AcgBtACAAYQBuAGQAIABDAGEAcwBzAGEAbgBkAHIAYQAuAHAAZABm0hcLGBlXTlMuZGF0YU8RAtYAAAAAAtYAAgAADE1hY2ludG9zaCBIRAAAAAAAAAAAAAAAAAAAANFTPexIKwAAAAyL9B9Mb3ctTGF0ZW5jeSBBbmFseXRpYyMxMDlGNEYucGRmAAAAAAAAAAAAAAAAAAAAAAAAAAAAAAAAAAAAAAAAAAAAEJ9P0KOwagAAAAAAAAAAAAMABgAACSAAAAAAAAAAAAAAAAAAAAAKMDFfQmlnRGF0YQAQAAgAANFTIcwAAAARAAgAANCjoloAAAABABwADIv0AAyLhwAMi2gADItiAAyKWwAJhEUAApg3AAIAiE1hY2ludG9zaCBIRDpVc2VyczoAcGF0cmlja3dpZW5lcjoARHJvcGJveDoAQWJzY2hsdXNzYXJiZWl0OgAwMl9NYXN0ZXI6ADAwX0xpdGVyYXR1cnF1ZWxsZW46ADAxX0JpZ0RhdGE6AExvdy1MYXRlbmN5IEFuYWx5dGljIzEwOUY0Ri5wZGYADgCWAEoATABvAHcALQBMAGEAdABlAG4AYwB5ACAAQQBuAGEAbAB5AHQAaQBjAHMAIAB3AGkAdABoACAATgBvAFMAUQBMACAgEwAgAEkAbgB0AHIAbwBkAHUAYwB0AGkAbwBuACAAdABvACAAUwB0AG8AcgBtACAAYQBuAGQAIABDAGEAcwBzAGEAbgBkAHIAYQAuAHAAZABmAA8AGgAMAE0AYQBjAGkAbgB0AG8AcwBoACAASABEABIAoVVzZXJzL3BhdHJpY2t3aWVuZXIvRHJvcGJveC9BYnNjaGx1c3NhcmJlaXQvMDJfTWFzdGVyLzAwX0xpdGVyYXR1cnF1ZWxsZW4vMDFfQmlnRGF0YS9Mb3ctTGF0ZW5jeSBBbmFseXRpY3Mgd2l0aCBOb1NRTCDigJMgSW50cm9kdWN0aW9uIHRvIFN0b3JtIGFuZCBDYXNzYW5kcmEucGRmAAATAAEvAAAVAAIAFP//AACABtIbHB0eWiRjbGFzc25hbWVYJGNsYXNzZXNdTlNNdXRhYmxlRGF0YaMdHyBWTlNEYXRhWE5TT2JqZWN00hscIiNcTlNEaWN0aW9uYXJ5oiIgXxAPTlNLZXllZEFyY2hpdmVy0SYnVHJvb3SAAQAIABEAGgAjAC0AMgA3AEAARgBNAFUAYABnAGoAbABuAHEAcwB1AHcAhACOAbkBvgHGBKAEogSnBLIEuwTJBM0E1ATdBOIE7wTyBQQFBwUMAAAAAAAAAgEAAAAAAAAAKAAAAAAAAAAAAAAAAAAABQ4=}}

@article{Chang2006,
	Author = {Yoon-Seop Chang AND Hyeong-Dong Park},
	Date-Added = {2014-11-24 14:23:57 +0000},
	Date-Modified = {2014-11-24 15:04:01 +0000},
	Journal = {International Journal of Geographical Information Science},
	Keywords = {GIS},
	Month = {April},
	Number = {4},
	Pages = {371--399},
	Title = {XML Web Service-based development model for Internet GIS applications},
	Volume = {20},
	Year = {2006}}

@incollection{Bolanos2013,
	Address = {Berlin Heidelberg},
	Author = {Matthew Bola{\~n}os AND John Forrest AND Michael Hahsler},
	Booktitle = {Data Analysis, Machine Learning and Knowledge Discovery},
	Date-Added = {2014-11-15 15:42:58 +0000},
	Date-Modified = {2014-11-15 17:35:57 +0000},
	Editor = {Spiliopoulou, Myra AND Schmidt-Thieme, Lars AND Janning, Ruth AND Spiliopoulou, Myra AND Schmidt-Thieme, Lars AND Janning, Ruth},
	Isbn = {978-3-31-901595-8},
	Keywords = {Softwarearchitektur},
	Pages = {135--144},
	Publisher = {Springer Science \& Business Media},
	Title = {Clustering Large Datasets Using Data Stream Clustering Techniques},
	Year = {2013}}

@book{Goll2014,
	Address = {Berlin},
	Author = {Goll, Joachim AND Dausmann, Manfred},
	Date-Added = {2014-10-15 15:56:44 +0000},
	Date-Modified = {2014-10-15 16:03:02 +0000},
	Edition = {2., aktualisierte Auflage},
	Isbn = {978-3-65-805532-5},
	Keywords = {Softwarearchitektur},
	Publisher = {Springer Verlag},
	Title = {Architektur- und Entwurfsmuster der Softwaretechnik -- Mit lauff{\"a}higen Beispielen in Java},
	Year = {2014},
	Bdsk-File-1 = {YnBsaXN0MDDUAQIDBAUGJCVYJHZlcnNpb25YJG9iamVjdHNZJGFyY2hpdmVyVCR0b3ASAAGGoKgHCBMUFRYaIVUkbnVsbNMJCgsMDxJXTlMua2V5c1pOUy5vYmplY3RzViRjbGFzc6INDoACgAOiEBGABIAFgAdccmVsYXRpdmVQYXRoWWFsaWFzRGF0YV8QjS4uLy4uLy4uL0Ryb3Bib3gvQWJzY2hsdXNzYXJiZWl0LzAyX01hc3Rlci8wMF9MaXRlcmF0dXJxdWVsbGVuLzA5X1NvZnR3YXJlYXJjaGl0ZWt0dXIvQXJjaGl0ZWt0dXItIHVuZCBFbnR3dXJmc211c3RlciBkZXIgU29mdHdhcmV0ZWNobmlrLnBkZtIXCxgZV05TLmRhdGFPEQK+AAAAAAK+AAIAAAxNYWNpbnRvc2ggSEQAAAAAAAAAAAAAAAAAAADRUz3sSCsAAAAMjGkfQXJjaGl0ZWt0dXItIHVuZCBFbnQjMTBBN0E1LnBkZgAAAAAAAAAAAAAAAAAAAAAAAAAAAAAAAAAAAAAAAAAAABCnpdBkaNcAAAAAAAAAAAADAAYAAAkgAAAAAAAAAAAAAAAAAAAAFjA5X1NvZnR3YXJlYXJjaGl0ZWt0dXIAEAAIAADRUyHMAAAAEQAIAADQZEy3AAAAAQAcAAyMaQAMi4cADItoAAyLYgAMilsACYRFAAKYNwACAJRNYWNpbnRvc2ggSEQ6VXNlcnM6AHBhdHJpY2t3aWVuZXI6AERyb3Bib3g6AEFic2NobHVzc2FyYmVpdDoAMDJfTWFzdGVyOgAwMF9MaXRlcmF0dXJxdWVsbGVuOgAwOV9Tb2Z0d2FyZWFyY2hpdGVrdHVyOgBBcmNoaXRla3R1ci0gdW5kIEVudCMxMEE3QTUucGRmAA4AcAA3AEEAcgBjAGgAaQB0AGUAawB0AHUAcgAtACAAdQBuAGQAIABFAG4AdAB3AHUAcgBmAHMAbQB1AHMAdABlAHIAIABkAGUAcgAgAFMAbwBmAHQAdwBhAHIAZQB0AGUAYwBoAG4AaQBrAC4AcABkAGYADwAaAAwATQBhAGMAaQBuAHQAbwBzAGgAIABIAEQAEgCYVXNlcnMvcGF0cmlja3dpZW5lci9Ecm9wYm94L0Fic2NobHVzc2FyYmVpdC8wMl9NYXN0ZXIvMDBfTGl0ZXJhdHVycXVlbGxlbi8wOV9Tb2Z0d2FyZWFyY2hpdGVrdHVyL0FyY2hpdGVrdHVyLSB1bmQgRW50d3VyZnNtdXN0ZXIgZGVyIFNvZnR3YXJldGVjaG5pay5wZGYAEwABLwAAFQACABT//wAAgAbSGxwdHlokY2xhc3NuYW1lWCRjbGFzc2VzXU5TTXV0YWJsZURhdGGjHR8gVk5TRGF0YVhOU09iamVjdNIbHCIjXE5TRGljdGlvbmFyeaIiIF8QD05TS2V5ZWRBcmNoaXZlctEmJ1Ryb290gAEACAARABoAIwAtADIANwBAAEYATQBVAGAAZwBqAGwAbgBxAHMAdQB3AIQAjgEeASMBKwPtA+8D9AP/BAgEFgQaBCEEKgQvBDwEPwRRBFQEWQAAAAAAAAIBAAAAAAAAACgAAAAAAAAAAAAAAAAAAARb}}

@comment{BibDesk Smart Groups{
<?xml version="1.0" encoding="UTF-8"?>
<!DOCTYPE plist PUBLIC "-//Apple//DTD PLIST 1.0//EN" "http://www.apple.com/DTDs/PropertyList-1.0.dtd">
<plist version="1.0">
<array>
	<dict>
		<key>conditions</key>
		<array>
			<dict>
				<key>comparison</key>
				<integer>2</integer>
				<key>key</key>
				<string>BibTeX Type</string>
				<key>value</key>
				<string>misc</string>
				<key>version</key>
				<string>1</string>
			</dict>
		</array>
		<key>conjunction</key>
		<integer>0</integer>
		<key>group name</key>
		<string>Onlinequellen</string>
	</dict>
</array>
</plist>
}}
